@inproceedings{moscibroda2009case,
  title={A case for bufferless routing in on-chip networks},
  author={Moscibroda, Thomas and Mutlu, Onur},
  booktitle={Proceedings of the 36th annual international symposium on Computer architecture},
  pages={196--207},
  year={2009}
}

@inproceedings{hayenga2009scarab,
  title={Scarab: A single cycle adaptive routing and bufferless network},
  author={Hayenga, Mitchell and Jerger, Natalie Enright and Lipasti, Mikko},
  booktitle={2009 42nd Annual IEEE/ACM International Symposium on Microarchitecture (MICRO)},
  pages={244--254},
  year={2009},
  organization={IEEE}
}

@inproceedings{picornell2019dcfnoc,
  title={DCFNoC: A Delayed Conflict-Free Time Division Multiplexing Network on Chip},
  author={Picornell, Tom{\'a}s and Flich, Jos{\'e} and Hern{\'a}ndez, Carles and Duato, Jos{\'e}},
  booktitle={Proceedings of the 56th Annual Design Automation Conference 2019},
  pages={1--6},
  year={2019}
}

@inproceedings{wang2019surf,
  title={Surf-Bless: A Confined-interference Routing for Energy-Efficient Communication in NoCs},
  author={Wang, Peng and Niknam, Sobhan and Ma, Sheng and Wang, Zhiying and Stefanov, Todor},
  booktitle={Proceedings of the 56th Annual Design Automation Conference 2019},
  pages={1--6},
  year={2019}
}

@article{chen2016eyeriss,
  title={Eyeriss: An energy-efficient reconfigurable accelerator for deep convolutional neural networks},
  author={Chen, Yu-Hsin and Krishna, Tushar and Emer, Joel S and Sze, Vivienne},
  journal={IEEE journal of solid-state circuits},
  volume={52},
  number={1},
  pages={127--138},
  year={2016},
  publisher={IEEE}
}


@inproceedings{nollet2004operating,
  title={Operating-system controlled network on chip},
  author={Nollet, Vincent and Marescaux, Th{\'e}odore and Verkest, Diederik and Mignolet, Jean-Yves and Vernalde, Serge},
  booktitle={Proceedings of the 41st annual Design Automation Conference},
  pages={256--259},
  year={2004}
}

@inproceedings{ruaro2018software,
  title={Software-defined networking architecture for NoC-based many-cores},
  author={Ruaro, Marcelo and Medina, Henrique Martins and Amory, Alexandre M and Moraes, Fernando Gehm},
  booktitle={2018 IEEE International Symposium on Circuits and Systems (ISCAS)},
  pages={1--5},
  year={2018},
  organization={IEEE}
}

@inproceedings{cong2014configurable,
  title={A configurable, programmable and software-defined network on chip},
  author={Cong, Liu and Wen, Wang and Zhiying, Wang},
  booktitle={2014 IEEE Workshop on Advanced Research and Technology in Industry Applications (WARTIA)},
  pages={813--816},
  year={2014},
  organization={IEEE}
}

@inproceedings{ellinidou2018sdn,
  title={A SDN solution for system-on-chip world},
  author={Ellinidou, Soultana and Sharma, Gaurav and Dricot, Jean-Michel and Markowitch, Olivier},
  booktitle={2018 Fifth International Conference on Software Defined Systems (SDS)},
  pages={14--19},
  year={2018},
  organization={IEEE}
}
@inproceedings{ruaro2017sdn,
  title={SDN-Based Circuit-Switching for Many-Cores},
  author={Ruaro, Marcelo and Medina, Henrique Martins and Moraes, Fernando Gehm},
  booktitle={2017 IEEE Computer Society Annual Symposium on VLSI (ISVLSI)},
  pages={385--390},
  year={2017},
  organization={IEEE}
}
@inproceedings{ruaro2019distributed,
  title={Distributed SDN architecture for NoC-based many-core SoCs},
  author={Ruaro, Marcelo and Velloso, Nedison and Jantsch, Axel and Moraes, Fernando G},
  booktitle={Proceedings of the 13th IEEE/ACM International Symposium on Networks-on-Chip},
  pages={1--8},
  year={2019}
}
@inproceedings{krishna2013breaking,
  title={Breaking the on-chip latency barrier using SMART},
  author={Krishna, Tushar and Chen, Chia-Hsin Owen and Kwon, Woo Cheol and Peh, Li-Shiuan},
  booktitle={2013 IEEE 19th International Symposium on High Performance Computer Architecture (HPCA)},
  pages={378--389},
  year={2013},
  organization={IEEE}
}

@inproceedings{chen2013smart,
  title={SMART: A single-cycle reconfigurable NoC for SoC applications},
  author={Chen, Chia-Hsin Owen and Park, Sunghyun and Krishna, Tushar and Subramanian, Suvinay and Chandrakasan, Anantha P and Peh, Li-Shiuan},
  booktitle={2013 Design, Automation \& Test in Europe Conference \& Exhibition (DATE)},
  pages={338--343},
  year={2013},
  organization={IEEE}
}

@article{krishna2013single,
  title={Single-cycle multihop asynchronous repeated traversal: A smart future for reconfigurable on-chip networks},
  author={Krishna, Tushar and Chen, Chia-Hsin Owen and Park, Sunghyun and Kwon, Woo-Cheol and Subramanian, Suvinay and Chandrakasan, Anantha P and Peh, Li-Shiuan},
  journal={Computer},
  volume={46},
  number={10},
  pages={48--55},
  year={2013},
  publisher={IEEE}
}

@article{chen2016reducing,
  title={Reducing wire and energy overheads of the SMART NoC using a setup request network},
  author={Chen, Xianmin and Jha, Niraj K},
  journal={IEEE Transactions on Very Large Scale Integration (VLSI) Systems},
  volume={24},
  number={10},
  pages={3013--3026},
  year={2016},
  publisher={IEEE}
}
@inproceedings{perez2019smart++,
  title={SMART++ reducing cost and improving efficiency of multi-hop bypass in NoC routers},
  author={P{\'e}rez, Iv{\'a}n and Vallejo, Enrique and Beivide, Ram{\'o}n},
  booktitle={Proceedings of the 13th IEEE/ACM International Symposium on Networks-on-Chip},
  pages={1--8},
  year={2019}
}

@inproceedings{yang2017task,
  title={Task mapping on smart noc: Contention matters, not the distance},
  author={Yang, Lei and Liu, Weichen and Chen, Peng and Guan, Nan and Li, Mengquan},
  booktitle={Proceedings of the 54th Annual Design Automation Conference 2017},
  pages={1--6},
  year={2017}
}
@article{samman2014runtime,
  title={Runtime connection-oriented guaranteed-bandwidth network-on-chip with extra multicast communication service},
  author={Samman, Faizal Arya},
  journal={Microprocessors and Microsystems},
  volume={38},
  number={2},
  pages={170--181},
  year={2014},
  publisher={Elsevier}
}

@book{dally2004principles,
  title={Principles and practices of interconnection networks},
  author={Dally, William James and Towles, Brian Patrick},
  year={2004},
  publisher={Elsevier}
}

@article{modarressi2010virtual,
  title={Virtual point-to-point connections for NoCs},
  author={Modarressi, Mehdi and Tavakkol, Arash and Sarbazi-Azad, Hamid},
  journal={IEEE Transactions on Computer-Aided Design of Integrated Circuits and Systems},
  volume={29},
  number={6},
  pages={855--868},
  year={2010},
  publisher={IEEE}
}

@inproceedings{kim2007flattened,
  title={Flattened butterfly: a cost-efficient topology for high-radix networks},
  author={Kim, John and Dally, William J and Abts, Dennis},
  booktitle={Proceedings of the 34th annual international symposium on Computer architecture},
  pages={126--137},
  year={2007}
}

@inproceedings{abeyratne2013scaling,
  title={Scaling towards kilo-core processors with asymmetric high-radix topologies},
  author={Abeyratne, Nilmini and Das, Reetuparna and Li, Qingkun and Sewell, Korey and Giridhar, Bharan and Dreslinski, Ronald G and Blaauw, David and Mudge, Trevor},
  booktitle={2013 IEEE 19th International Symposium on High Performance Computer Architecture (HPCA)},
  pages={496--507},
  year={2013},
  organization={IEEE}
}

@article{sewell2012swizzle,
  title={Swizzle-switch networks for many-core systems},
  author={Sewell, Korey and Dreslinski, Ronald G and Manville, Thomas and Satpathy, Sudhir and Pinckney, Nathaniel and Blake, Geoffrey and Cieslak, Michael and Das, Reetuparna and Wenisch, Thomas F and Sylvester, Dennis and others},
  journal={IEEE Journal on Emerging and Selected Topics in Circuits and Systems},
  volume={2},
  number={2},
  pages={278--294},
  year={2012},
  publisher={IEEE}
}

@inproceedings{kwon2017rethinking,
  title={Rethinking nocs for spatial neural network accelerators},
  author={Kwon, Hyoukjun and Samajdar, Ananda and Krishna, Tushar},
  booktitle={2017 Eleventh IEEE/ACM International Symposium on Networks-on-Chip (NOCS)},
  pages={1--8},
  year={2017},
  organization={IEEE}
}

@inproceedings{silberman1996task,
  title={A task graph model for design and implementation of real-time systems},
  author={Silberman, Ami and Marlowe, Thomas J},
  booktitle={Proceedings of ICECCS'96: 2nd IEEE International Conference on Engineering of Complex Computer Systems (held jointly with 6th CSESAW and 4th IEEE RTAW)},
  pages={432--441},
  year={1996},
  organization={IEEE}
}

@inproceedings{wu2006improving,
  title={Improving routing efficiency for network-on-chip through contention-aware input selection},
  author={Wu, Dong and Al-Hashimi, Bashir M and Schmitz, Marcus T},
  booktitle={Asia and South Pacific Conference on Design Automation, 2006.},
  pages={6--pp},
  year={2006},
  organization={IEEE}
}
@article{ravindran2014scheduling,
  title={Scheduling imprecise task graphs for real-time applications},
  author={Ravindran, RC and Krishna, C Mani and Koren, Israel and Koren, Zahava},
  journal={International Journal of Embedded Systems},
  volume={6},
  number={1},
  pages={73--85},
  year={2014},
  publisher={Inderscience Publishers Ltd}
}
@inproceedings{jackson2010skip,
  title={Skip-links: A dynamically reconfiguring topology for energy-efficient nocs},
  author={Jackson, Chris and Hollis, Simon J},
  booktitle={2010 International Symposium on System on Chip},
  pages={49--54},
  year={2010},
  organization={IEEE}
}

@article{kumar2008toward,
  title={Toward ideal on-chip communication using express virtual channels},
  author={Kumar, Amit and Peh, Li-Shiuan and Kundu, Partha and Jha, Niraj K},
  journal={IEEE micro},
  volume={28},
  number={1},
  pages={80--90},
  year={2008},
  publisher={IEEE}
}


@inproceedings{krishna2008noc,
  title={NoC with near-ideal express virtual channels using global-line communication},
  author={Krishna, Tushar and Kumar, Amit and Chiang, Patrick and Erez, Mattan and Peh, Li-Shiuan},
  booktitle={2008 16th IEEE Symposium on High Performance Interconnects},
  pages={11--20},
  year={2008},
  organization={IEEE}
}


@inproceedings{yang2014contention,
  title={Contention-aware task and communication co-scheduling for network-on-chip based multiprocessor system-on-chip},
  author={Yang, Lei and Liu, Weichen and Jiang, Weiwen and Yi, Juan and Liu, Duo and Zhuge, Qingfeng},
  booktitle={2014 IEEE 20th International Conference on Embedded and Real-Time Computing Systems and Applications},
  pages={1--8},
  year={2014},
  organization={IEEE}
}

@inproceedings{chou2008contention,
  title={Contention-aware application mapping for network-on-chip communication architectures},
  author={Chou, Chen-Ling and Marculescu, Radu},
  booktitle={2008 IEEE international conference on computer design},
  pages={164--169},
  year={2008},
  organization={IEEE}
}


@article{samman2012runtime,
  title={Runtime contention and bandwidth-aware adaptive routing selection strategies for networks-on-chip},
  author={Samman, Faizal Arya and Hollstein, Thomas and Glesner, Manfred},
  journal={IEEE Transactions on Parallel and Distributed Systems},
  volume={24},
  number={7},
  pages={1411--1421},
  year={2012},
  publisher={IEEE}
}

@article{krishna2014smart,
  title={SMART: single-cycle multihop traversals over a shared network on chip},
  author={Krishna, Tushar and Chen, Chia-Hsin Owen and Kwon, Woo-Cheol and Peh, Li-Shiuan},
  journal={IEEE micro},
  volume={34},
  number={3},
  pages={43--56},
  year={2014},
  publisher={IEEE}
}

@book{shen2010dynamic,
  title={Dynamic Reconfigurable Network-on-Chip Design: Innovations for Computational Processing and Communication: Innovations for Computational Processing and Communication},
  author={Shen, Jih-Sheng},
  year={2010},
  publisher={IGI Global}
}
@article{simonyan2014very,
  title={Very deep convolutional networks for large-scale image recognition},
  author={Simonyan, Karen and Zisserman, Andrew},
  journal={arXiv preprint arXiv:1409.1556},
  year={2014}
}
@inproceedings{chong2007efficient,
  title={Efficient parallelization of h. 264 decoding with macro block level scheduling},
  author={Chong, Jike and Satish, Nadathur and Catanzaro, Bryan and Ravindran, Kaushik and Keutzer, Kurt},
  booktitle={2007 IEEE international conference on multimedia and expo},
  pages={1874--1877},
  year={2007},
  organization={IEEE}
}

@inproceedings{dick1998tgff,
  title={TGFF: task graphs for free},
  author={Dick, Robert P and Rhodes, David L and Wolf, Wayne},
  booktitle={Proceedings of the Sixth International Workshop on Hardware/Software Codesign.(CODES/CASHE'98)},
  pages={97--101},
  year={1998},
  organization={IEEE}
}

@article{guo2019fault,
  title={Fault-tolerant routing mechanism in 3D optical network-on-chip based on node reuse},
  author={Guo, Pengxing and Hou, Weigang and Guo, Lei and Sun, Wei and Liu, Chuang and Bao, Hainan and Duong, Luan HK and Liu, Weichen},
  journal={IEEE Transactions on Parallel and Distributed Systems},
  year={2019},
  publisher={IEEE}
}

@article{hoskote20075,
  title={A 5-GHz mesh interconnect for a teraflops processor},
  author={Hoskote, Yatin and Vangal, Sriram and Singh, Arvind and Borkar, Nitin and Borkar, Shekhar},
  journal={IEEE Micro},
  volume={27},
  number={5},
  pages={51--61},
  year={2007},
  publisher={IEEE}
}
@inproceedings{daya2014scorpio,
  title={SCORPIO: a 36-core research chip demonstrating snoopy coherence on a scalable mesh NoC with in-network ordering},
  author={Daya, Bhavya K and Chen, Chia-Hsin Owen and Subramanian, Suvinay and Kwon, Woo-Cheol and Park, Sunghyun and Krishna, Tushar and Holt, Jim and Chandrakasan, Anantha P and Peh, Li-Shiuan},
  booktitle={2014 ACM/IEEE 41st International Symposium on Computer Architecture (ISCA)},
  pages={25--36},
  year={2014},
  organization={IEEE}
}

@inproceedings{esmaeilzadeh2011dark,
  title={Dark silicon and the end of multicore scaling},
  author={Esmaeilzadeh, Hadi and Blem, Emily and Amant, Renee St and Sankaralingam, Karthikeyan and Burger, Doug},
  booktitle={2011 38th Annual international symposium on computer architecture (ISCA)},
  pages={365--376},
  year={2011},
  organization={IEEE}
}
@article{yavits2014effect,
  title={The effect of communication and synchronization on Amdahl’s law in multicore systems},
  author={Yavits, Leonid and Morad, Amir and Ginosar, Ran},
  journal={Parallel Computing},
  volume={40},
  number={1},
  pages={1--16},
  year={2014},
  publisher={Elsevier}
}

@article{akopyan2015truenorth,
  title={Truenorth: Design and tool flow of a 65 mw 1 million neuron programmable neurosynaptic chip},
  author={Akopyan, Filipp and Sawada, Jun and Cassidy, Andrew and Alvarez-Icaza, Rodrigo and Arthur, John and Merolla, Paul and Imam, Nabil and Nakamura, Yutaka and Datta, Pallab and Nam, Gi-Joon and others},
  journal={IEEE transactions on computer-aided design of integrated circuits and systems},
  volume={34},
  number={10},
  pages={1537--1557},
  year={2015},
  publisher={IEEE}
}

@article{chen2014diannao,
  title={Diannao: A small-footprint high-throughput accelerator for ubiquitous machine-learning},
  author={Chen, Tianshi and Du, Zidong and Sun, Ninghui and Wang, Jia and Wu, Chengyong and Chen, Yunji and Temam, Olivier},
  journal={ACM SIGARCH Computer Architecture News},
  volume={42},
  number={1},
  pages={269--284},
  year={2014},
  publisher={ACM New York, NY, USA}
}
@inproceedings{chen2014dadiannao,
  title={Dadiannao: A machine-learning supercomputer},
  author={Chen, Yunji and Luo, Tao and Liu, Shaoli and Zhang, Shijin and He, Liqiang and Wang, Jia and Li, Ling and Chen, Tianshi and Xu, Zhiwei and Sun, Ninghui and others},
  booktitle={2014 47th Annual IEEE/ACM International Symposium on Microarchitecture},
  pages={609--622},
  year={2014},
  organization={IEEE}
}
@inproceedings{steiner2010evaluation,
  title={An evaluation of SMT-based schedule synthesis for time-triggered multi-hop networks},
  author={Steiner, Wilfried},
  booktitle={2010 31st IEEE Real-Time Systems Symposium},
  pages={375--384},
  year={2010},
  organization={IEEE}
}

@inproceedings{du2015shidiannao,
  title={ShiDianNao: Shifting vision processing closer to the sensor},
  author={Du, Zidong and Fasthuber, Robert and Chen, Tianshi and Ienne, Paolo and Li, Ling and Luo, Tao and Feng, Xiaobing and Chen, Yunji and Temam, Olivier},
  booktitle={Proceedings of the 42nd Annual International Symposium on Computer Architecture},
  pages={92--104},
  year={2015}
}
@article{binkert2011gem5,
  title={The gem5 simulator},
  author={Binkert, Nathan and Beckmann, Bradford and Black, Gabriel and Reinhardt, Steven K and Saidi, Ali and Basu, Arkaprava and Hestness, Joel and Hower, Derek R and Krishna, Tushar and Sardashti, Somayeh and others},
  journal={ACM SIGARCH computer architecture news},
  volume={39},
  number={2},
  pages={1--7},
  year={2011},
  publisher={ACM New York, NY, USA}
}

@inproceedings{thies2010empirical,
  title={An empirical characterization of stream programs and its implications for language and compiler design},
  author={Thies, William and Amarasinghe, Saman},
  booktitle={2010 19th International Conference on Parallel Architectures and Compilation Techniques (PACT)},
  pages={365--376},
  year={2010},
  organization={IEEE}
}

@article{kwon2018maestro,
  title={MAESTRO: an open-source infrastructure for modeling dataflows within deep learning accelerators},
  author={Kwon, Hyoukjun and Pellauer, Michael and Krishna, Tushar},
  journal={arXiv preprint arXiv:1805.02566},
  year={2018}
}
@inproceedings{wang2002orion,
  title={Orion: a power-performance simulator for interconnection networks},
  author={Wang, Hang-Sheng and Zhu, Xinping and Peh, Li-Shiuan and Malik, Sharad},
  booktitle={35th Annual IEEE/ACM International Symposium on Microarchitecture, 2002.(MICRO-35). Proceedings.},
  pages={294--305},
  year={2002},
  organization={IEEE}
}

@inproceedings{yu2010communication,
  title={Communication-aware application mapping and scheduling for NoC-based MPSoCs},
  author={Yu, Heng and Ha, Yajun and Veeravalli, Bharadwaj},
  booktitle={Proceedings of 2010 IEEE International Symposium on Circuits and Systems},
  pages={3232--3235},
  year={2010},
  organization={IEEE}
}
@inproceedings{yang2017task,
  title={Task mapping on smart noc: Contention matters, not the distance},
  author={Yang, Lei and Liu, Weichen and Chen, Peng and Guan, Nan and Li, Mengquan},
  booktitle={Proceedings of the 54th Annual Design Automation Conference 2017},
  pages={1--6},
  year={2017}
}